@article{FLP85,
  title = {Impossibility of Distributed Consensus with One Faulty Process},
  author = {Fischer, Michael J. and Lynch, Nancy A. and Paterson, Michael S.},
  journal = {Journal of the ACM (JACM)},
  volume = {32},
  number = {2},
  pages = {374--382},
  year = {1985}
}
